%\label{@UNIAXIAL_GF}
@book{rogers2014nondestructive,
  title={Nondestructive electromagnetic characterization of uniaxial materials},
  author={Rogers, Neil G},
  year={2014},
  publisher={Air Force Institute of Technology}
}